%% LaTeX2e file `Assignment1.bib'
%% generated by the `filecontents' environment
%% from source `Assignment1' on 2019/11/07.
%%
  @book{lit1,
    author      =   {Author, A. N.},
    title       =   {Title},
    publisher   =   {Publisher},
    address     =   {Location},
    year        =   {1066}}
